
Los 'tipos de referencias' pueden ser:
article       :
book          :
incolection   : para capítulos de un libro
inproceedings : para papers presentados en conferencias.

conveción: las 2 primeras llaves son el author y title.

=============================================================================
url: http://www.tandfonline.com/doi/abs/10.1080/13658816.2014.914521
@article{
    Estructura_urbana,
    Author = {{Chen Zhong, Stefan Müller Arisona, Xianfeng Huang, Michael Batty \& Gerhard Schmitt}},
    Title = {Detecting the dynamics of urban structure through spatial network analysis.},
    Journal = {International Journal of Geographical Information Science},
    Volume = {50},
    Pages = {1-21},
    Year = {2014} 
}

============================================================================
url: http://www.sciencedirect.com/science/article/pii/S0968090X12000095
@article{
    Procesamiento_datos,
    Author = {{Marcela A. Munizaga, Carolina Palma}},
    Title = {Estimation of a disaggregate multimodal public transport Origin–Destination matrix from passive smartcard data from Santiago, Chile},
    Journal = {Transportation Research Part C: Emerging Technologies},
    Volume = {24},
    Pages = {9-18},
    Year = {2012} 
}

============================================================================
url: http://www.sjsu.edu/people/allen.tai/courses/urbp255/s2/Urban%20Spatial%20Structure.PDF
@article{
    Forma_ciudad_moderna,
    Author = {{Alex Anas, Richard Arnott, Kenneth A. Small}},
    Title = {Urban spatial structure},
    Journal = {Journal of Economic Literature},
    Volume = {36},
    Pages = {1426-1464},
    Year = {1998}
}

============================================================================
url: http://www.amazon.com/Interactive-Data-Visualization-Foundations-Applications/dp/1568814739
@Book{
    Libro_visualizacion,
    Author = {{Matthew O. Ward, Georges Grinstein, Daniel Keim}},
    Title = {Interactive Data Visualization: Foundations, Techniques, and Applications},
    publisher = {A. K. Peters},
    Year = {2010}
}

============================================================================
@Book{
    Viaje,
    Author = {{Ortuzar, J. de D., Willumsen, L.G.}},
    Title = {Modelling transport},
    publisher = {Wiley, Chichester},
    Year = {2011}
}

============================================================================
@article{
    Supuesto_Barry,
    Author = {{Barry, J.J., Newhouser, R. Rahbee, A., Sayeda, S.}},
    Title = {Origin and destination estimation in New York City with automated fare systen data},
    Journal = {Transportation research record},
    Volume = {1817},
    Pages = {183-187},
    Year = {2002}
}


============================================================================
@article{
    Comparar_generador_comunidad,
    Author = {{Lancichinetti, A. and Fortunato, S.}},
    Title = {Community detection algorithms: a comparative analysis},
    Journal = {Physical review E},
    Volume = {},
    Pages = {},
    Year = {2009}
}

============================================================================
@article{
    Infomap,
    Author = {{Rosvall, M. y Bergstrom, C.T.}},
    Title = {Maps of random walks on complex networks},
    Journal = {PloS One},
    Volume = {5},
    Pages = {},
    Year = {2008}
}

============================================================================
@article{
    markov,
    Author = {{Sergey Brin and Lawrence Page}},
    Title = {The Anatomy of a Large-Scale Hypertextual
Web Search Engine},
    Journal = {},
    Volume = {},
    Pages = {},
    Year = {1998}
}

============================================================================
url: http://arxiv.org/pdf/0708.4360.pdf

@article{
    anos_anteriores,
    Author = {{Barthélemy, M. and Flammini, A.}},
    Title = {Modeling urban street patterns},
    Journal = {Physical Review Letters},
    Volume = {},
    Pages = {},
    Year = {2008}
}

============================================================================
url: http://bifi.es/~cardillo/documents/tesi_city.pdf

@article{
    transito,
    Author = {{Cardillo, A., et al.}},
    Title = {Structural properties of planar graphs of urban street patterns},
    Journal = {Physical Review},
    Volume = {73},
    Pages = {},
    Year = {2006}
}
